@Misc{caradmin,
	author = {CarAdmin},
	title = {Home page},
	howpublished = {\url{http://www.electrictimecar.com/modules/content/?id=9}}
}

